<record><leader>00000cas a22000007a 4500</leader><controlfield tag="001">9651413</controlfield><controlfield tag="008">830628d18331833mauwr ne      0    0eng d</controlfield><datafield ind1=" " ind2=" " tag="010"><subfield code="a">sn 83020919 </subfield></datafield><datafield ind1=" " ind2=" " tag="040"><subfield code="a">NPX</subfield><subfield code="b">eng</subfield><subfield code="c">NPX</subfield><subfield code="d">DLC</subfield><subfield code="d">MGN</subfield><subfield code="d">OCLCQ</subfield></datafield><datafield ind1=" " ind2=" " tag="042"><subfield code="a">msc</subfield></datafield><datafield ind1=" " ind2=" " tag="043"><subfield code="a">n-us-ma</subfield></datafield><datafield ind1="0" ind2=" " tag="130"><subfield code="a">Massachusetts yeoman (Worcester, Mass. : 1833)</subfield></datafield><datafield ind1="1" ind2="4" tag="245"><subfield code="a">The Massachusetts yeoman.</subfield></datafield><datafield ind1=" " ind2=" " tag="260"><subfield code="a">Worcester [Mass. :</subfield><subfield code="b">s.n.],</subfield><subfield code="c">-1833.</subfield></datafield><datafield ind1=" " ind2=" " tag="300"><subfield code="a">v. ;</subfield><subfield code="c">64 cm.</subfield></datafield><datafield ind1=" " ind2=" " tag="310"><subfield code="a">Weekly</subfield></datafield><datafield ind1="1" ind2=" " tag="362"><subfield code="a">Began June 28, 1833.</subfield></datafield><datafield ind1="0" ind2=" " tag="362"><subfield code="a">-v. 11, no. 4 (July 26, 1833).</subfield></datafield><datafield ind1=" " ind2=" " tag="500"><subfield code="a">Printer: Edwin C. Church.</subfield></datafield><datafield ind1=" " ind2=" " tag="588"><subfield code="a">Description based on: Vol. 11, no. 4 (July 26, 1833).</subfield></datafield><datafield ind1=" " ind2=" " tag="752"><subfield code="a">United States</subfield><subfield code="b">Massachusetts</subfield><subfield code="c">Worcester</subfield><subfield code="d">Worcester.</subfield></datafield><datafield ind1="0" ind2="0" tag="780"><subfield code="t">Massachusetts yeoman, and Worcester journal</subfield><subfield code="w">(DLC)sn 83020942</subfield></datafield><datafield ind1="0" ind2="7" tag="785"><subfield code="t">National aegis &amp; general advertiser</subfield><subfield code="w">(DLC)sn 83020916</subfield></datafield><datafield ind1="0" ind2="7" tag="785"><subfield code="t">National aegis &amp; Massachusetts yeoman</subfield><subfield code="w">(DLC)sn 83020920</subfield></datafield></record>